@article{noland2006,
   author = {Robert B. Noland and William A. Cowart and Lewis M. Fulton},
   doi = {10.1016/j.enpol.2005.05.013},
   issn = {03014215},
   issue = {17},
   journal = {Energy Policy},
   keywords = {Emergency planning,Oil supply disruptions,Transport demand management},
   month = {11},
   pages = {2994-3005},
   title = {Travel demand policies for saving oil during a supply emergency},
   volume = {34},
   year = {2006},
}
@article{shaheen2009,
   author = {Susan A. Shaheen and Adam P. Cohen and Melissa S. Chung},
   doi = {10.3141/2110-05},
   issn = {03611981},
   issue = {2110},
   journal = {Transportation Research Record},
   pages = {35-44},
   title = {North American carsharing: 10-year retrospective},
   year = {2009},
}
@web_page{businessInsider,
   author = {Alyson Shontell},
   title = {All Hail the Uber Man! How a Sharp-Elbowed Guerrilla Marketer Named Travis Kalanick Became Silicon Valley's Newest Star},
   url = {https://www.businessinsider.com/uber-travis-kalanick-bio-2014-1?r=US&IR=T},
}
@article{chan2012,
   author = {Nelson D. Chan and Susan A. Shaheen},
   doi = {10.1080/01441647.2011.621557},
   issn = {01441647},
   issue = {1},
   journal = {Transport Reviews},
   month = {1},
   pages = {93-112},
   title = {Ridesharing in North America: Past, Present, and Future},
   volume = {32},
   year = {2012},
}
@article{ferguson1997,
   author = {Erik T Ferguson},
   keywords = {carpools,education,family income,fuel economy,gasoline prices,vehicle availability},
   title = {The rise and fall of the American carpool: 1970-1990 ERIK FERGUSON},
   year = {1997},
   journal = {Transport Reviews},
}
